%YAML 1.1
%TAG !u! tag:unity3d.com,2011:
--- !u!1001 &100100000
Prefab:
  m_ObjectHideFlags: 1
  serializedVersion: 2
  m_Modification:
    m_TransformParent: {fileID: 0}
    m_Modifications: []
    m_RemovedComponents: []
  m_SourcePrefab: {fileID: 0}
  m_RootGameObject: {fileID: 1831335024050426}
  m_IsPrefabAsset: 1
--- !u!1 &1507152335725848
GameObject:
  m_ObjectHideFlags: 0
  m_CorrespondingSourceObject: {fileID: 0}
  m_PrefabInternal: {fileID: 100100000}
  serializedVersion: 6
  m_Component:
  - component: {fileID: 4672275591045186}
  - component: {fileID: 23137522071972854}
  - component: {fileID: 33678903937369260}
  - component: {fileID: 114534353742798146}
  - component: {fileID: 64611897734911952}
  m_Layer: 0
  m_Name: Physical
  m_TagString: Untagged
  m_Icon: {fileID: 0}
  m_NavMeshLayer: 0
  m_StaticEditorFlags: 0
  m_IsActive: 1
--- !u!1 &1831335024050426
GameObject:
  m_ObjectHideFlags: 0
  m_CorrespondingSourceObject: {fileID: 0}
  m_PrefabInternal: {fileID: 100100000}
  serializedVersion: 6
  m_Component:
  - component: {fileID: 4536434769596228}
  m_Layer: 0
  m_Name: Single 45Deg Ramp
  m_TagString: Untagged
  m_Icon: {fileID: 0}
  m_NavMeshLayer: 0
  m_StaticEditorFlags: 0
  m_IsActive: 1
--- !u!4 &4536434769596228
Transform:
  m_ObjectHideFlags: 1
  m_CorrespondingSourceObject: {fileID: 0}
  m_PrefabInternal: {fileID: 100100000}
  m_GameObject: {fileID: 1831335024050426}
  m_LocalRotation: {x: 0, y: 0, z: 0, w: 1}
  m_LocalPosition: {x: 0, y: 0, z: 0}
  m_LocalScale: {x: 1, y: 1, z: 1}
  m_Children:
  - {fileID: 4672275591045186}
  m_Father: {fileID: 0}
  m_RootOrder: 0
  m_LocalEulerAnglesHint: {x: 0, y: 0, z: 0}
--- !u!4 &4672275591045186
Transform:
  m_ObjectHideFlags: 1
  m_CorrespondingSourceObject: {fileID: 0}
  m_PrefabInternal: {fileID: 100100000}
  m_GameObject: {fileID: 1507152335725848}
  m_LocalRotation: {x: -0, y: -0, z: -0, w: 1}
  m_LocalPosition: {x: 0.5, y: 0.5, z: 0}
  m_LocalScale: {x: 1, y: 1, z: 1}
  m_Children: []
  m_Father: {fileID: 4536434769596228}
  m_RootOrder: 0
  m_LocalEulerAnglesHint: {x: 0, y: 0, z: 0}
--- !u!23 &23137522071972854
MeshRenderer:
  m_ObjectHideFlags: 1
  m_CorrespondingSourceObject: {fileID: 0}
  m_PrefabInternal: {fileID: 100100000}
  m_GameObject: {fileID: 1507152335725848}
  m_Enabled: 1
  m_CastShadows: 1
  m_ReceiveShadows: 1
  m_DynamicOccludee: 1
  m_MotionVectors: 1
  m_LightProbeUsage: 1
  m_ReflectionProbeUsage: 1
  m_RenderingLayerMask: 4294967295
  m_Materials:
  - {fileID: 2100000, guid: f8af10ae2c674e569782e57b09c76a13, type: 2}
  m_StaticBatchInfo:
    firstSubMesh: 0
    subMeshCount: 0
  m_StaticBatchRoot: {fileID: 0}
  m_ProbeAnchor: {fileID: 0}
  m_LightProbeVolumeOverride: {fileID: 0}
  m_ScaleInLightmap: 1
  m_PreserveUVs: 0
  m_IgnoreNormalsForChartDetection: 0
  m_ImportantGI: 0
  m_StitchLightmapSeams: 0
  m_SelectedEditorRenderState: 2
  m_MinimumChartSize: 4
  m_AutoUVMaxDistance: 0.5
  m_AutoUVMaxAngle: 89
  m_LightmapParameters: {fileID: 0}
  m_SortingLayerID: 0
  m_SortingLayer: 0
  m_SortingOrder: 0
--- !u!33 &33678903937369260
MeshFilter:
  m_ObjectHideFlags: 1
  m_CorrespondingSourceObject: {fileID: 0}
  m_PrefabInternal: {fileID: 100100000}
  m_GameObject: {fileID: 1507152335725848}
  m_Mesh: {fileID: 0}
--- !u!64 &64611897734911952
MeshCollider:
  m_ObjectHideFlags: 1
  m_CorrespondingSourceObject: {fileID: 0}
  m_PrefabInternal: {fileID: 100100000}
  m_GameObject: {fileID: 1507152335725848}
  m_Material: {fileID: 0}
  m_IsTrigger: 0
  m_Enabled: 1
  serializedVersion: 3
  m_Convex: 0
  m_CookingOptions: 14
  m_SkinWidth: 0.01
  m_Mesh: {fileID: 0}
--- !u!114 &114534353742798146
MonoBehaviour:
  m_ObjectHideFlags: 1
  m_CorrespondingSourceObject: {fileID: 0}
  m_PrefabInternal: {fileID: 100100000}
  m_GameObject: {fileID: 1507152335725848}
  m_Enabled: 1
  m_EditorHideFlags: 0
  m_Script: {fileID: 232430130, guid: 4f0627da958b4bb78c260446066f065f, type: 3}
  m_Name: 
  m_EditorClassIdentifier: 
  _quads:
  - _indices: 000000000100000002000000
    _distinctIndices: 000000000100000002000000
    _edges:
    - x: 0
      y: 1
    - x: 1
      y: 2
    - x: 2
      y: 0
    _smoothingGroup: 0
    _uv:
      useWorldSpace: 0
      flipU: 0
      flipV: 0
      swapUV: 0
      fill: 1
      scale: {x: 1, y: 1}
      offset: {x: 0, y: 0}
      rotation: 0
      justify: 0
      localPivot: {x: 0, y: 0}
      localSize: {x: 0, y: 0}
      anchor: 9
    _mat: {fileID: 2100000, guid: f8af10ae2c674e569782e57b09c76a13, type: 2}
    manualUV: 1
    textureGroup: -1
  - _indices: 030000000400000005000000
    _distinctIndices: 030000000400000005000000
    _edges:
    - x: 3
      y: 4
    - x: 4
      y: 5
    - x: 5
      y: 3
    _smoothingGroup: 0
    _uv:
      useWorldSpace: 0
      flipU: 0
      flipV: 0
      swapUV: 0
      fill: 1
      scale: {x: 1, y: 1}
      offset: {x: 0, y: 0}
      rotation: 0
      justify: 0
      localPivot: {x: 0, y: 0}
      localSize: {x: 0, y: 0}
      anchor: 9
    _mat: {fileID: 2100000, guid: f8af10ae2c674e569782e57b09c76a13, type: 2}
    manualUV: 1
    textureGroup: -1
  - _indices: 060000000700000008000000
    _distinctIndices: 060000000700000008000000
    _edges:
    - x: 6
      y: 7
    - x: 7
      y: 8
    - x: 8
      y: 6
    _smoothingGroup: 0
    _uv:
      useWorldSpace: 0
      flipU: 0
      flipV: 0
      swapUV: 0
      fill: 1
      scale: {x: 1, y: 1}
      offset: {x: 0, y: 0}
      rotation: 0
      justify: 0
      localPivot: {x: 0, y: 0}
      localSize: {x: 0, y: 0}
      anchor: 9
    _mat: {fileID: 2100000, guid: f8af10ae2c674e569782e57b09c76a13, type: 2}
    manualUV: 1
    textureGroup: -1
  - _indices: 090000000a0000000b000000
    _distinctIndices: 090000000a0000000b000000
    _edges:
    - x: 9
      y: 10
    - x: 10
      y: 11
    - x: 11
      y: 9
    _smoothingGroup: 0
    _uv:
      useWorldSpace: 0
      flipU: 0
      flipV: 0
      swapUV: 0
      fill: 1
      scale: {x: 1, y: 1}
      offset: {x: 0, y: 0}
      rotation: 0
      justify: 0
      localPivot: {x: 0, y: 0}
      localSize: {x: 0, y: 0}
      anchor: 9
    _mat: {fileID: 2100000, guid: f8af10ae2c674e569782e57b09c76a13, type: 2}
    manualUV: 1
    textureGroup: -1
  - _indices: 0c0000000d0000000e000000
    _distinctIndices: 0c0000000d0000000e000000
    _edges:
    - x: 12
      y: 13
    - x: 13
      y: 14
    - x: 14
      y: 12
    _smoothingGroup: 0
    _uv:
      useWorldSpace: 0
      flipU: 0
      flipV: 0
      swapUV: 0
      fill: 1
      scale: {x: 1, y: 1}
      offset: {x: 0, y: 0}
      rotation: 0
      justify: 0
      localPivot: {x: 0, y: 0}
      localSize: {x: 0, y: 0}
      anchor: 9
    _mat: {fileID: 2100000, guid: f8af10ae2c674e569782e57b09c76a13, type: 2}
    manualUV: 1
    textureGroup: -1
  - _indices: 0f0000001000000011000000
    _distinctIndices: 0f0000001000000011000000
    _edges:
    - x: 15
      y: 16
    - x: 16
      y: 17
    - x: 17
      y: 15
    _smoothingGroup: 0
    _uv:
      useWorldSpace: 0
      flipU: 0
      flipV: 0
      swapUV: 0
      fill: 1
      scale: {x: 1, y: 1}
      offset: {x: 0, y: 0}
      rotation: 0
      justify: 0
      localPivot: {x: 0, y: 0}
      localSize: {x: 0, y: 0}
      anchor: 9
    _mat: {fileID: 2100000, guid: f8af10ae2c674e569782e57b09c76a13, type: 2}
    manualUV: 1
    textureGroup: -1
  - _indices: 120000001300000014000000
    _distinctIndices: 120000001300000014000000
    _edges:
    - x: 18
      y: 19
    - x: 19
      y: 20
    - x: 20
      y: 18
    _smoothingGroup: 0
    _uv:
      useWorldSpace: 0
      flipU: 0
      flipV: 0
      swapUV: 0
      fill: 1
      scale: {x: 1, y: 1}
      offset: {x: 0, y: 0}
      rotation: 0
      justify: 0
      localPivot: {x: 0, y: 0}
      localSize: {x: 0, y: 0}
      anchor: 9
    _mat: {fileID: 2100000, guid: f8af10ae2c674e569782e57b09c76a13, type: 2}
    manualUV: 1
    textureGroup: -1
  - _indices: 150000001600000017000000
    _distinctIndices: 150000001600000017000000
    _edges:
    - x: 21
      y: 22
    - x: 22
      y: 23
    - x: 23
      y: 21
    _smoothingGroup: 0
    _uv:
      useWorldSpace: 0
      flipU: 0
      flipV: 0
      swapUV: 0
      fill: 1
      scale: {x: 1, y: 1}
      offset: {x: 0, y: 0}
      rotation: 0
      justify: 0
      localPivot: {x: 0, y: 0}
      localSize: {x: 0, y: 0}
      anchor: 9
    _mat: {fileID: 2100000, guid: f8af10ae2c674e569782e57b09c76a13, type: 2}
    manualUV: 1
    textureGroup: -1
  - _indices: 18000000190000001a000000
    _distinctIndices: 18000000190000001a000000
    _edges:
    - x: 24
      y: 25
    - x: 25
      y: 26
    - x: 26
      y: 24
    _smoothingGroup: 0
    _uv:
      useWorldSpace: 0
      flipU: 0
      flipV: 0
      swapUV: 0
      fill: 1
      scale: {x: 1, y: 1}
      offset: {x: 0, y: 0}
      rotation: 0
      justify: 0
      localPivot: {x: 0, y: 0}
      localSize: {x: 0, y: 0}
      anchor: 9
    _mat: {fileID: 2100000, guid: f8af10ae2c674e569782e57b09c76a13, type: 2}
    manualUV: 1
    textureGroup: -1
  - _indices: 1b0000001c0000001d000000
    _distinctIndices: 1b0000001c0000001d000000
    _edges:
    - x: 27
      y: 28
    - x: 28
      y: 29
    - x: 29
      y: 27
    _smoothingGroup: 0
    _uv:
      useWorldSpace: 0
      flipU: 0
      flipV: 0
      swapUV: 0
      fill: 1
      scale: {x: 1, y: 1}
      offset: {x: 0, y: 0}
      rotation: 0
      justify: 0
      localPivot: {x: 0, y: 0}
      localSize: {x: 0, y: 0}
      anchor: 9
    _mat: {fileID: 2100000, guid: f8af10ae2c674e569782e57b09c76a13, type: 2}
    manualUV: 1
    textureGroup: -1
  _sharedIndices:
  - array: 00000000110000001400000015000000180000001c000000
  - array: 01000000040000000600000013000000
  - array: 02000000
  - array: 03000000
  - array: 05000000080000000b000000
  - array: 07000000090000000c0000001000000012000000
  - array: 0a0000000e000000
  - array: 0d0000000f0000001a000000
  - array: 16000000
  - array: 1700000019000000
  - array: 1b000000
  - array: 1d000000
  _vertices:
  - {x: -0.5, y: -0.5, z: 2.5}
  - {x: 0.5, y: -0.5, z: 2.5}
  - {x: 0.000000059604645, y: -0.000000059604645, z: 2.5}
  - {x: 0, y: 0, z: 2.5}
  - {x: 0.5, y: -0.5, z: 2.5}
  - {x: 0.5, y: 0.5, z: 2.5}
  - {x: 0.5, y: -0.5, z: 2.5}
  - {x: 0.5, y: -0.5, z: -2.5}
  - {x: 0.5, y: 0.5, z: 2.5}
  - {x: 0.5, y: -0.5, z: -2.5}
  - {x: 0.5, y: 0.5, z: -2.5}
  - {x: 0.5, y: 0.5, z: 2.5}
  - {x: 0.5, y: -0.5, z: -2.5}
  - {x: -0.5, y: -0.5, z: -2.5}
  - {x: 0.5, y: 0.5, z: -2.5}
  - {x: -0.5, y: -0.5, z: -2.5}
  - {x: 0.5, y: -0.5, z: -2.5}
  - {x: -0.5, y: -0.5, z: 2.5}
  - {x: 0.5, y: -0.5, z: -2.5}
  - {x: 0.5, y: -0.5, z: 2.5}
  - {x: -0.5, y: -0.5, z: 2.5}
  - {x: -0.5, y: -0.5, z: 2.5}
  - {x: 0.5, y: 0.49999994, z: -1.0355337}
  - {x: 0.49999994, y: 0.49999988, z: -2.5}
  - {x: -0.5, y: -0.5, z: 2.5}
  - {x: 0.49999994, y: 0.49999988, z: -2.5}
  - {x: -0.5, y: -0.5, z: -2.5}
  - {x: 0.49999994, y: 0.49999988, z: -1.0355334}
  - {x: -0.5, y: -0.5, z: 2.5}
  - {x: 0.5, y: 0.49999994, z: 2.5}
  _uv:
  - {x: 0, y: 0}
  - {x: -1, y: 0}
  - {x: -0.50000006, y: 0.49999994}
  - {x: -0.5, y: 0.5}
  - {x: -1, y: 0}
  - {x: -1, y: 1}
  - {x: 0, y: 0}
  - {x: -5, y: 0}
  - {x: 0, y: 1}
  - {x: -5, y: 0}
  - {x: -5, y: 1}
  - {x: 0, y: 1}
  - {x: 1, y: 0}
  - {x: 0, y: 0}
  - {x: 1, y: 1}
  - {x: 0, y: -5}
  - {x: -1, y: -5}
  - {x: 0, y: 0}
  - {x: -1, y: -5}
  - {x: -1, y: 0}
  - {x: 0, y: 0}
  - {x: 0, y: 0}
  - {x: -1.4142134, y: -3.5355337}
  - {x: -1.4142134, y: -5}
  - {x: 0, y: 0}
  - {x: -1.4142134, y: -5}
  - {x: 0, y: -5}
  - {x: -1.4142134, y: -3.5355334}
  - {x: 0, y: 0}
  - {x: -1.4142134, y: 0}
  _uv3: []
  _uv4: []
  _tangents: []
  _sharedIndicesUV: []
  _colors:
  - {r: 1, g: 1, b: 1, a: 1}
  - {r: 1, g: 1, b: 1, a: 1}
  - {r: 1, g: 1, b: 1, a: 1}
  - {r: 1, g: 1, b: 1, a: 1}
  - {r: 1, g: 1, b: 1, a: 1}
  - {r: 1, g: 1, b: 1, a: 1}
  - {r: 1, g: 1, b: 1, a: 1}
  - {r: 1, g: 1, b: 1, a: 1}
  - {r: 1, g: 1, b: 1, a: 1}
  - {r: 1, g: 1, b: 1, a: 1}
  - {r: 1, g: 1, b: 1, a: 1}
  - {r: 1, g: 1, b: 1, a: 1}
  - {r: 1, g: 1, b: 1, a: 1}
  - {r: 1, g: 1, b: 1, a: 1}
  - {r: 1, g: 1, b: 1, a: 1}
  - {r: 1, g: 1, b: 1, a: 1}
  - {r: 1, g: 1, b: 1, a: 1}
  - {r: 1, g: 1, b: 1, a: 1}
  - {r: 1, g: 1, b: 1, a: 1}
  - {r: 1, g: 1, b: 1, a: 1}
  - {r: 1, g: 1, b: 1, a: 1}
  - {r: 1, g: 1, b: 1, a: 1}
  - {r: 1, g: 1, b: 1, a: 1}
  - {r: 1, g: 1, b: 1, a: 1}
  - {r: 1, g: 1, b: 1, a: 1}
  - {r: 1, g: 1, b: 1, a: 1}
  - {r: 1, g: 1, b: 1, a: 1}
  - {r: 1, g: 1, b: 1, a: 1}
  - {r: 1, g: 1, b: 1, a: 1}
  - {r: 1, g: 1, b: 1, a: 1}
  userCollisions: 0
  isSelectable: 1
  unwrapParameters:
    hardAngle: 88
    packMargin: 4
    angleError: 8
    areaError: 15
  dontDestroyMeshOnDelete: 0
  m_selectedFaces: 
  m_SelectedEdges: []
  m_selectedTriangles: 
