%YAML 1.1
%TAG !u! tag:unity3d.com,2011:
--- !u!29 &1
OcclusionCullingSettings:
  m_ObjectHideFlags: 0
  serializedVersion: 2
  m_OcclusionBakeSettings:
    smallestOccluder: 5
    smallestHole: 0.25
    backfaceThreshold: 100
  m_SceneGUID: 00000000000000000000000000000000
  m_OcclusionCullingData: {fileID: 0}
--- !u!104 &2
RenderSettings:
  m_ObjectHideFlags: 0
  serializedVersion: 9
  m_Fog: 0
  m_FogColor: {r: 0.5, g: 0.5, b: 0.5, a: 1}
  m_FogMode: 3
  m_FogDensity: 0.01
  m_LinearFogStart: 0
  m_LinearFogEnd: 300
  m_AmbientSkyColor: {r: 0.212, g: 0.227, b: 0.259, a: 1}
  m_AmbientEquatorColor: {r: 0.114, g: 0.125, b: 0.133, a: 1}
  m_AmbientGroundColor: {r: 0.047, g: 0.043, b: 0.035, a: 1}
  m_AmbientIntensity: 1
  m_AmbientMode: 0
  m_SubtractiveShadowColor: {r: 0.42, g: 0.478, b: 0.627, a: 1}
  m_SkyboxMaterial: {fileID: 0}
  m_HaloStrength: 0.5
  m_FlareStrength: 1
  m_FlareFadeSpeed: 3
  m_HaloTexture: {fileID: 0}
  m_SpotCookie: {fileID: 10001, guid: 0000000000000000e000000000000000, type: 0}
  m_DefaultReflectionMode: 0
  m_DefaultReflectionResolution: 128
  m_ReflectionBounces: 1
  m_ReflectionIntensity: 1
  m_CustomReflection: {fileID: 0}
  m_Sun: {fileID: 0}
  m_IndirectSpecularColor: {r: 0, g: 0, b: 0, a: 1}
  m_UseRadianceAmbientProbe: 0
--- !u!157 &3
LightmapSettings:
  m_ObjectHideFlags: 0
  serializedVersion: 11
  m_GIWorkflowMode: 0
  m_GISettings:
    serializedVersion: 2
    m_BounceScale: 1
    m_IndirectOutputScale: 1
    m_AlbedoBoost: 1
    m_TemporalCoherenceThreshold: 1
    m_EnvironmentLightingMode: 0
    m_EnableBakedLightmaps: 1
    m_EnableRealtimeLightmaps: 1
  m_LightmapEditorSettings:
    serializedVersion: 10
    m_Resolution: 2
    m_BakeResolution: 40
    m_AtlasSize: 1024
    m_AO: 0
    m_AOMaxDistance: 1
    m_CompAOExponent: 1
    m_CompAOExponentDirect: 0
    m_Padding: 2
    m_LightmapParameters: {fileID: 0}
    m_LightmapsBakeMode: 1
    m_TextureCompression: 1
    m_FinalGather: 0
    m_FinalGatherFiltering: 1
    m_FinalGatherRayCount: 256
    m_ReflectionCompression: 2
    m_MixedBakeMode: 2
    m_BakeBackend: 1
    m_PVRSampling: 1
    m_PVRDirectSampleCount: 32
    m_PVRSampleCount: 500
    m_PVRBounces: 2
    m_PVRFilterTypeDirect: 0
    m_PVRFilterTypeIndirect: 0
    m_PVRFilterTypeAO: 0
    m_PVRFilteringMode: 1
    m_PVRCulling: 1
    m_PVRFilteringGaussRadiusDirect: 1
    m_PVRFilteringGaussRadiusIndirect: 5
    m_PVRFilteringGaussRadiusAO: 2
    m_PVRFilteringAtrousPositionSigmaDirect: 0.5
    m_PVRFilteringAtrousPositionSigmaIndirect: 2
    m_PVRFilteringAtrousPositionSigmaAO: 1
    m_ShowResolutionOverlay: 1
  m_LightingDataAsset: {fileID: 0}
  m_UseShadowmask: 1
--- !u!196 &4
NavMeshSettings:
  serializedVersion: 2
  m_ObjectHideFlags: 0
  m_BuildSettings:
    serializedVersion: 2
    agentTypeID: 0
    agentRadius: 0.5
    agentHeight: 2
    agentSlope: 45
    agentClimb: 0.4
    ledgeDropHeight: 0
    maxJumpAcrossDistance: 0
    minRegionArea: 2
    manualCellSize: 0
    cellSize: 0.16666667
    manualTileSize: 0
    tileSize: 256
    accuratePlacement: 0
    debug:
      m_Flags: 0
  m_NavMeshData: {fileID: 0}
--- !u!1001 &103636344
Prefab:
  m_ObjectHideFlags: 0
  serializedVersion: 2
  m_Modification:
    m_TransformParent: {fileID: 1986786532}
    m_Modifications:
    - target: {fileID: 4082279952157446, guid: 9271d34cf9d0f3d43b566ec84d7923a3, type: 2}
      propertyPath: m_LocalPosition.x
      value: 10
      objectReference: {fileID: 0}
    - target: {fileID: 4082279952157446, guid: 9271d34cf9d0f3d43b566ec84d7923a3, type: 2}
      propertyPath: m_LocalPosition.y
      value: 0.5
      objectReference: {fileID: 0}
    - target: {fileID: 4082279952157446, guid: 9271d34cf9d0f3d43b566ec84d7923a3, type: 2}
      propertyPath: m_LocalPosition.z
      value: 0
      objectReference: {fileID: 0}
    - target: {fileID: 4082279952157446, guid: 9271d34cf9d0f3d43b566ec84d7923a3, type: 2}
      propertyPath: m_LocalRotation.x
      value: -0
      objectReference: {fileID: 0}
    - target: {fileID: 4082279952157446, guid: 9271d34cf9d0f3d43b566ec84d7923a3, type: 2}
      propertyPath: m_LocalRotation.y
      value: -0
      objectReference: {fileID: 0}
    - target: {fileID: 4082279952157446, guid: 9271d34cf9d0f3d43b566ec84d7923a3, type: 2}
      propertyPath: m_LocalRotation.z
      value: -0
      objectReference: {fileID: 0}
    - target: {fileID: 4082279952157446, guid: 9271d34cf9d0f3d43b566ec84d7923a3, type: 2}
      propertyPath: m_LocalRotation.w
      value: 1
      objectReference: {fileID: 0}
    - target: {fileID: 4082279952157446, guid: 9271d34cf9d0f3d43b566ec84d7923a3, type: 2}
      propertyPath: m_RootOrder
      value: 0
      objectReference: {fileID: 0}
    - target: {fileID: 23671608601586064, guid: 9271d34cf9d0f3d43b566ec84d7923a3,
        type: 2}
      propertyPath: m_Enabled
      value: 1
      objectReference: {fileID: 0}
    - target: {fileID: 23671608601586064, guid: 9271d34cf9d0f3d43b566ec84d7923a3,
        type: 2}
      propertyPath: m_Materials.Array.data[0]
      value: 
      objectReference: {fileID: 2100000, guid: b23a5d8ccf4ff704aa55f72b2dac71b3, type: 2}
    - target: {fileID: 65065533978583022, guid: 9271d34cf9d0f3d43b566ec84d7923a3,
        type: 2}
      propertyPath: m_Size.x
      value: 0.5
      objectReference: {fileID: 0}
    - target: {fileID: 65065533978583022, guid: 9271d34cf9d0f3d43b566ec84d7923a3,
        type: 2}
      propertyPath: m_Size.y
      value: 1
      objectReference: {fileID: 0}
    - target: {fileID: 65065533978583022, guid: 9271d34cf9d0f3d43b566ec84d7923a3,
        type: 2}
      propertyPath: m_Size.z
      value: 1
      objectReference: {fileID: 0}
    - target: {fileID: 114979061657487482, guid: 9271d34cf9d0f3d43b566ec84d7923a3,
        type: 2}
      propertyPath: springForce
      value: 20
      objectReference: {fileID: 0}
    - target: {fileID: 1495906699370424, guid: 9271d34cf9d0f3d43b566ec84d7923a3, type: 2}
      propertyPath: m_Name
      value: springTrap_Additive
      objectReference: {fileID: 0}
    m_RemovedComponents: []
  m_SourcePrefab: {fileID: 100100000, guid: 9271d34cf9d0f3d43b566ec84d7923a3, type: 2}
  m_IsPrefabAsset: 0
--- !u!4 &438813201 stripped
Transform:
  m_CorrespondingSourceObject: {fileID: 4082279952157446, guid: 9271d34cf9d0f3d43b566ec84d7923a3,
    type: 2}
  m_PrefabInternal: {fileID: 103636344}
--- !u!4 &612725940 stripped
Transform:
  m_CorrespondingSourceObject: {fileID: 4082279952157446, guid: 9271d34cf9d0f3d43b566ec84d7923a3,
    type: 2}
  m_PrefabInternal: {fileID: 1277386971}
--- !u!1001 &798837786
Prefab:
  m_ObjectHideFlags: 0
  serializedVersion: 2
  m_Modification:
    m_TransformParent: {fileID: 0}
    m_Modifications:
    - target: {fileID: 4366658647989332, guid: b285a5c7f299780499239a3090e53065, type: 2}
      propertyPath: m_LocalPosition.x
      value: 0
      objectReference: {fileID: 0}
    - target: {fileID: 4366658647989332, guid: b285a5c7f299780499239a3090e53065, type: 2}
      propertyPath: m_LocalPosition.y
      value: 0
      objectReference: {fileID: 0}
    - target: {fileID: 4366658647989332, guid: b285a5c7f299780499239a3090e53065, type: 2}
      propertyPath: m_LocalPosition.z
      value: 0
      objectReference: {fileID: 0}
    - target: {fileID: 4366658647989332, guid: b285a5c7f299780499239a3090e53065, type: 2}
      propertyPath: m_LocalRotation.x
      value: 0
      objectReference: {fileID: 0}
    - target: {fileID: 4366658647989332, guid: b285a5c7f299780499239a3090e53065, type: 2}
      propertyPath: m_LocalRotation.y
      value: 0
      objectReference: {fileID: 0}
    - target: {fileID: 4366658647989332, guid: b285a5c7f299780499239a3090e53065, type: 2}
      propertyPath: m_LocalRotation.z
      value: 0
      objectReference: {fileID: 0}
    - target: {fileID: 4366658647989332, guid: b285a5c7f299780499239a3090e53065, type: 2}
      propertyPath: m_LocalRotation.w
      value: 1
      objectReference: {fileID: 0}
    - target: {fileID: 4366658647989332, guid: b285a5c7f299780499239a3090e53065, type: 2}
      propertyPath: m_RootOrder
      value: 4
      objectReference: {fileID: 0}
    m_RemovedComponents: []
  m_SourcePrefab: {fileID: 100100000, guid: b285a5c7f299780499239a3090e53065, type: 2}
  m_IsPrefabAsset: 0
--- !u!1 &798837787 stripped
GameObject:
  m_CorrespondingSourceObject: {fileID: 1629021024934712, guid: b285a5c7f299780499239a3090e53065,
    type: 2}
  m_PrefabInternal: {fileID: 798837786}
--- !u!1001 &1277386971
Prefab:
  m_ObjectHideFlags: 0
  serializedVersion: 2
  m_Modification:
    m_TransformParent: {fileID: 1986786532}
    m_Modifications:
    - target: {fileID: 4082279952157446, guid: 9271d34cf9d0f3d43b566ec84d7923a3, type: 2}
      propertyPath: m_LocalPosition.x
      value: 25
      objectReference: {fileID: 0}
    - target: {fileID: 4082279952157446, guid: 9271d34cf9d0f3d43b566ec84d7923a3, type: 2}
      propertyPath: m_LocalPosition.y
      value: 0.5
      objectReference: {fileID: 0}
    - target: {fileID: 4082279952157446, guid: 9271d34cf9d0f3d43b566ec84d7923a3, type: 2}
      propertyPath: m_LocalPosition.z
      value: 0
      objectReference: {fileID: 0}
    - target: {fileID: 4082279952157446, guid: 9271d34cf9d0f3d43b566ec84d7923a3, type: 2}
      propertyPath: m_LocalRotation.x
      value: -0
      objectReference: {fileID: 0}
    - target: {fileID: 4082279952157446, guid: 9271d34cf9d0f3d43b566ec84d7923a3, type: 2}
      propertyPath: m_LocalRotation.y
      value: -0
      objectReference: {fileID: 0}
    - target: {fileID: 4082279952157446, guid: 9271d34cf9d0f3d43b566ec84d7923a3, type: 2}
      propertyPath: m_LocalRotation.z
      value: -0
      objectReference: {fileID: 0}
    - target: {fileID: 4082279952157446, guid: 9271d34cf9d0f3d43b566ec84d7923a3, type: 2}
      propertyPath: m_LocalRotation.w
      value: 1
      objectReference: {fileID: 0}
    - target: {fileID: 4082279952157446, guid: 9271d34cf9d0f3d43b566ec84d7923a3, type: 2}
      propertyPath: m_RootOrder
      value: 1
      objectReference: {fileID: 0}
    - target: {fileID: 23671608601586064, guid: 9271d34cf9d0f3d43b566ec84d7923a3,
        type: 2}
      propertyPath: m_Enabled
      value: 1
      objectReference: {fileID: 0}
    - target: {fileID: 23671608601586064, guid: 9271d34cf9d0f3d43b566ec84d7923a3,
        type: 2}
      propertyPath: m_Materials.Array.data[0]
      value: 
      objectReference: {fileID: 2100000, guid: b23a5d8ccf4ff704aa55f72b2dac71b3, type: 2}
    - target: {fileID: 1495906699370424, guid: 9271d34cf9d0f3d43b566ec84d7923a3, type: 2}
      propertyPath: m_Name
      value: springTrap_Instant
      objectReference: {fileID: 0}
    - target: {fileID: 65065533978583022, guid: 9271d34cf9d0f3d43b566ec84d7923a3,
        type: 2}
      propertyPath: m_Size.x
      value: 0.5
      objectReference: {fileID: 0}
    - target: {fileID: 65065533978583022, guid: 9271d34cf9d0f3d43b566ec84d7923a3,
        type: 2}
      propertyPath: m_Size.y
      value: 1
      objectReference: {fileID: 0}
    - target: {fileID: 65065533978583022, guid: 9271d34cf9d0f3d43b566ec84d7923a3,
        type: 2}
      propertyPath: m_Size.z
      value: 1
      objectReference: {fileID: 0}
    - target: {fileID: 114979061657487482, guid: 9271d34cf9d0f3d43b566ec84d7923a3,
        type: 2}
      propertyPath: springForce
      value: 5
      objectReference: {fileID: 0}
    - target: {fileID: 114979061657487482, guid: 9271d34cf9d0f3d43b566ec84d7923a3,
        type: 2}
      propertyPath: mode
      value: 1
      objectReference: {fileID: 0}
    m_RemovedComponents: []
  m_SourcePrefab: {fileID: 100100000, guid: 9271d34cf9d0f3d43b566ec84d7923a3, type: 2}
  m_IsPrefabAsset: 0
--- !u!1001 &1633794595
Prefab:
  m_ObjectHideFlags: 0
  serializedVersion: 2
  m_Modification:
    m_TransformParent: {fileID: 0}
    m_Modifications:
    - target: {fileID: 4277956753546756, guid: ecc199670d0e11646a4c03302bb41fb0, type: 2}
      propertyPath: m_LocalPosition.x
      value: 0
      objectReference: {fileID: 0}
    - target: {fileID: 4277956753546756, guid: ecc199670d0e11646a4c03302bb41fb0, type: 2}
      propertyPath: m_LocalPosition.y
      value: 0
      objectReference: {fileID: 0}
    - target: {fileID: 4277956753546756, guid: ecc199670d0e11646a4c03302bb41fb0, type: 2}
      propertyPath: m_LocalPosition.z
      value: 0
      objectReference: {fileID: 0}
    - target: {fileID: 4277956753546756, guid: ecc199670d0e11646a4c03302bb41fb0, type: 2}
      propertyPath: m_LocalRotation.x
      value: -0
      objectReference: {fileID: 0}
    - target: {fileID: 4277956753546756, guid: ecc199670d0e11646a4c03302bb41fb0, type: 2}
      propertyPath: m_LocalRotation.y
      value: -0
      objectReference: {fileID: 0}
    - target: {fileID: 4277956753546756, guid: ecc199670d0e11646a4c03302bb41fb0, type: 2}
      propertyPath: m_LocalRotation.z
      value: -0
      objectReference: {fileID: 0}
    - target: {fileID: 4277956753546756, guid: ecc199670d0e11646a4c03302bb41fb0, type: 2}
      propertyPath: m_LocalRotation.w
      value: 1
      objectReference: {fileID: 0}
    - target: {fileID: 4277956753546756, guid: ecc199670d0e11646a4c03302bb41fb0, type: 2}
      propertyPath: m_RootOrder
      value: 2
      objectReference: {fileID: 0}
    m_RemovedComponents: []
  m_SourcePrefab: {fileID: 100100000, guid: ecc199670d0e11646a4c03302bb41fb0, type: 2}
  m_IsPrefabAsset: 0
--- !u!1 &1728622422
GameObject:
  m_ObjectHideFlags: 0
  m_CorrespondingSourceObject: {fileID: 0}
  m_PrefabInternal: {fileID: 0}
  serializedVersion: 6
  m_Component:
  - component: {fileID: 1728622424}
  - component: {fileID: 1728622423}
  m_Layer: 0
  m_Name: Directional Light
  m_TagString: Untagged
  m_Icon: {fileID: 0}
  m_NavMeshLayer: 0
  m_StaticEditorFlags: 0
  m_IsActive: 1
--- !u!108 &1728622423
Light:
  m_ObjectHideFlags: 0
  m_CorrespondingSourceObject: {fileID: 0}
  m_PrefabInternal: {fileID: 0}
  m_GameObject: {fileID: 1728622422}
  m_Enabled: 1
  serializedVersion: 8
  m_Type: 1
  m_Color: {r: 1, g: 1, b: 1, a: 1}
  m_Intensity: 1
  m_Range: 10
  m_SpotAngle: 30
  m_CookieSize: 10
  m_Shadows:
    m_Type: 0
    m_Resolution: -1
    m_CustomResolution: -1
    m_Strength: 1
    m_Bias: 0.05
    m_NormalBias: 0.4
    m_NearPlane: 0.2
  m_Cookie: {fileID: 0}
  m_DrawHalo: 0
  m_Flare: {fileID: 0}
  m_RenderMode: 0
  m_CullingMask:
    serializedVersion: 2
    m_Bits: 4294967295
  m_Lightmapping: 4
  m_LightShadowCasterMode: 0
  m_AreaSize: {x: 1, y: 1}
  m_BounceIntensity: 1
  m_ColorTemperature: 6570
  m_UseColorTemperature: 0
  m_ShadowRadius: 0
  m_ShadowAngle: 0
--- !u!4 &1728622424
Transform:
  m_ObjectHideFlags: 0
  m_CorrespondingSourceObject: {fileID: 0}
  m_PrefabInternal: {fileID: 0}
  m_GameObject: {fileID: 1728622422}
  m_LocalRotation: {x: 0.40821788, y: -0.23456968, z: 0.10938163, w: 0.8754261}
  m_LocalPosition: {x: 30, y: 20, z: -20}
  m_LocalScale: {x: 1, y: 1, z: 1}
  m_Children: []
  m_Father: {fileID: 0}
  m_RootOrder: 0
  m_LocalEulerAnglesHint: {x: 50, y: -30, z: 0}
--- !u!1001 &1777500483
Prefab:
  m_ObjectHideFlags: 0
  serializedVersion: 2
  m_Modification:
    m_TransformParent: {fileID: 0}
    m_Modifications:
    - target: {fileID: 4198735155784386, guid: a246b5dc7a9a3b343a7d26720a92a54d, type: 2}
      propertyPath: m_LocalPosition.x
      value: 5
      objectReference: {fileID: 0}
    - target: {fileID: 4198735155784386, guid: a246b5dc7a9a3b343a7d26720a92a54d, type: 2}
      propertyPath: m_LocalPosition.y
      value: 1
      objectReference: {fileID: 0}
    - target: {fileID: 4198735155784386, guid: a246b5dc7a9a3b343a7d26720a92a54d, type: 2}
      propertyPath: m_LocalPosition.z
      value: 0
      objectReference: {fileID: 0}
    - target: {fileID: 4198735155784386, guid: a246b5dc7a9a3b343a7d26720a92a54d, type: 2}
      propertyPath: m_LocalRotation.x
      value: 0
      objectReference: {fileID: 0}
    - target: {fileID: 4198735155784386, guid: a246b5dc7a9a3b343a7d26720a92a54d, type: 2}
      propertyPath: m_LocalRotation.y
      value: 0
      objectReference: {fileID: 0}
    - target: {fileID: 4198735155784386, guid: a246b5dc7a9a3b343a7d26720a92a54d, type: 2}
      propertyPath: m_LocalRotation.z
      value: 0
      objectReference: {fileID: 0}
    - target: {fileID: 4198735155784386, guid: a246b5dc7a9a3b343a7d26720a92a54d, type: 2}
      propertyPath: m_LocalRotation.w
      value: 1
      objectReference: {fileID: 0}
    - target: {fileID: 4198735155784386, guid: a246b5dc7a9a3b343a7d26720a92a54d, type: 2}
      propertyPath: m_RootOrder
      value: 5
      objectReference: {fileID: 0}
    - target: {fileID: 1801929722834466, guid: a246b5dc7a9a3b343a7d26720a92a54d, type: 2}
      propertyPath: m_Name
      value: PlayerSpawner
      objectReference: {fileID: 0}
    m_RemovedComponents: []
  m_SourcePrefab: {fileID: 100100000, guid: a246b5dc7a9a3b343a7d26720a92a54d, type: 2}
  m_IsPrefabAsset: 0
--- !u!1 &1777500484 stripped
GameObject:
  m_CorrespondingSourceObject: {fileID: 1801929722834466, guid: a246b5dc7a9a3b343a7d26720a92a54d,
    type: 2}
  m_PrefabInternal: {fileID: 1777500483}
--- !u!1001 &1872662894
Prefab:
  m_ObjectHideFlags: 0
  serializedVersion: 2
  m_Modification:
    m_TransformParent: {fileID: 0}
    m_Modifications:
    - target: {fileID: 4268051688131704, guid: aeb28741936c04042881b53a20946651, type: 2}
      propertyPath: m_LocalPosition.x
      value: 0
      objectReference: {fileID: 0}
    - target: {fileID: 4268051688131704, guid: aeb28741936c04042881b53a20946651, type: 2}
      propertyPath: m_LocalPosition.y
      value: 0
      objectReference: {fileID: 0}
    - target: {fileID: 4268051688131704, guid: aeb28741936c04042881b53a20946651, type: 2}
      propertyPath: m_LocalPosition.z
      value: 0
      objectReference: {fileID: 0}
    - target: {fileID: 4268051688131704, guid: aeb28741936c04042881b53a20946651, type: 2}
      propertyPath: m_LocalRotation.x
      value: -0
      objectReference: {fileID: 0}
    - target: {fileID: 4268051688131704, guid: aeb28741936c04042881b53a20946651, type: 2}
      propertyPath: m_LocalRotation.y
      value: -0
      objectReference: {fileID: 0}
    - target: {fileID: 4268051688131704, guid: aeb28741936c04042881b53a20946651, type: 2}
      propertyPath: m_LocalRotation.z
      value: -0
      objectReference: {fileID: 0}
    - target: {fileID: 4268051688131704, guid: aeb28741936c04042881b53a20946651, type: 2}
      propertyPath: m_LocalRotation.w
      value: 1
      objectReference: {fileID: 0}
    - target: {fileID: 4268051688131704, guid: aeb28741936c04042881b53a20946651, type: 2}
      propertyPath: m_RootOrder
      value: 1
      objectReference: {fileID: 0}
    - target: {fileID: 114148658633229544, guid: aeb28741936c04042881b53a20946651,
        type: 2}
      propertyPath: levelManager
      value: 
      objectReference: {fileID: 1893701846}
    m_RemovedComponents: []
  m_SourcePrefab: {fileID: 100100000, guid: aeb28741936c04042881b53a20946651, type: 2}
  m_IsPrefabAsset: 0
--- !u!1001 &1893701845
Prefab:
  m_ObjectHideFlags: 0
  serializedVersion: 2
  m_Modification:
    m_TransformParent: {fileID: 0}
    m_Modifications:
    - target: {fileID: 4172595906059896, guid: cde51022ec8379d4abe999c6ebef7fdc, type: 2}
      propertyPath: m_LocalPosition.x
      value: 0
      objectReference: {fileID: 0}
    - target: {fileID: 4172595906059896, guid: cde51022ec8379d4abe999c6ebef7fdc, type: 2}
      propertyPath: m_LocalPosition.y
      value: 0
      objectReference: {fileID: 0}
    - target: {fileID: 4172595906059896, guid: cde51022ec8379d4abe999c6ebef7fdc, type: 2}
      propertyPath: m_LocalPosition.z
      value: 0
      objectReference: {fileID: 0}
    - target: {fileID: 4172595906059896, guid: cde51022ec8379d4abe999c6ebef7fdc, type: 2}
      propertyPath: m_LocalRotation.x
      value: 0
      objectReference: {fileID: 0}
    - target: {fileID: 4172595906059896, guid: cde51022ec8379d4abe999c6ebef7fdc, type: 2}
      propertyPath: m_LocalRotation.y
      value: 0
      objectReference: {fileID: 0}
    - target: {fileID: 4172595906059896, guid: cde51022ec8379d4abe999c6ebef7fdc, type: 2}
      propertyPath: m_LocalRotation.z
      value: 0
      objectReference: {fileID: 0}
    - target: {fileID: 4172595906059896, guid: cde51022ec8379d4abe999c6ebef7fdc, type: 2}
      propertyPath: m_LocalRotation.w
      value: 1
      objectReference: {fileID: 0}
    - target: {fileID: 4172595906059896, guid: cde51022ec8379d4abe999c6ebef7fdc, type: 2}
      propertyPath: m_RootOrder
      value: 3
      objectReference: {fileID: 0}
    - target: {fileID: 114983027703518746, guid: cde51022ec8379d4abe999c6ebef7fdc,
        type: 2}
      propertyPath: playerSpawner
      value: 
      objectReference: {fileID: 1777500484}
    - target: {fileID: 1490014648143976, guid: cde51022ec8379d4abe999c6ebef7fdc, type: 2}
      propertyPath: m_Name
      value: LevelManager
      objectReference: {fileID: 0}
    - target: {fileID: 114983027703518746, guid: cde51022ec8379d4abe999c6ebef7fdc,
        type: 2}
      propertyPath: cameraRig
      value: 
      objectReference: {fileID: 798837787}
    - target: {fileID: 114983027703518746, guid: cde51022ec8379d4abe999c6ebef7fdc,
        type: 2}
      propertyPath: currentLevelName
      value: TrapTestScene
      objectReference: {fileID: 0}
    m_RemovedComponents: []
  m_SourcePrefab: {fileID: 100100000, guid: cde51022ec8379d4abe999c6ebef7fdc, type: 2}
  m_IsPrefabAsset: 0
--- !u!114 &1893701846 stripped
MonoBehaviour:
  m_CorrespondingSourceObject: {fileID: 114983027703518746, guid: cde51022ec8379d4abe999c6ebef7fdc,
    type: 2}
  m_PrefabInternal: {fileID: 1893701845}
  m_Script: {fileID: 11500000, guid: 26e61c816083bab4ca3d12f673325818, type: 3}
--- !u!1 &1986786531
GameObject:
  m_ObjectHideFlags: 0
  m_CorrespondingSourceObject: {fileID: 0}
  m_PrefabInternal: {fileID: 0}
  serializedVersion: 6
  m_Component:
  - component: {fileID: 1986786532}
  m_Layer: 0
  m_Name: Traps
  m_TagString: Untagged
  m_Icon: {fileID: 0}
  m_NavMeshLayer: 0
  m_StaticEditorFlags: 0
  m_IsActive: 1
--- !u!4 &1986786532
Transform:
  m_ObjectHideFlags: 0
  m_CorrespondingSourceObject: {fileID: 0}
  m_PrefabInternal: {fileID: 0}
  m_GameObject: {fileID: 1986786531}
  m_LocalRotation: {x: 0, y: 0, z: 0, w: 1}
  m_LocalPosition: {x: 0, y: 0, z: 0}
  m_LocalScale: {x: 1, y: 1, z: 1}
  m_Children:
  - {fileID: 438813201}
  - {fileID: 612725940}
  m_Father: {fileID: 0}
  m_RootOrder: 6
  m_LocalEulerAnglesHint: {x: 0, y: 0, z: 0}
